<?xml version="1.0" encoding="UTF-8"?><collection xmlns="http://www.loc.gov/MARC21/slim"><record><leader>00568nam--2200181-i-4500</leader><controlfield tag="001">000041290</controlfield><controlfield tag="002">20161230</controlfield><controlfield tag="005">20161230201043</controlfield><controlfield tag="008">060222s1000------------r-----000-0-fre-d</controlfield><datafield ind1=" " ind2=" " tag="040"><subfield code="a">IFIN-HH</subfield></datafield><datafield ind1=" " ind2=" " tag="041"><subfield code="a">fre</subfield></datafield><datafield ind1=" " ind2=" " tag="080"><subfield code="a">539.27:539.26:547.914(043)</subfield></datafield><datafield ind1="1" ind2=" " tag="100"><subfield code="a">Serre,Brigitte</subfield></datafield><datafield ind1="1" ind2="0" tag="245"><subfield code="a">Etude et synthese de resines positives sensibles aux electrons et aux rayons x utilises dans les proceses de microlithographie</subfield><subfield code="b">These</subfield><subfield code="c">Brigitte serre</subfield></datafield><datafield ind1=" " ind2=" " tag="260"><subfield code="a">Montpellier</subfield><subfield code="b">Universite</subfield><subfield code="c">1984</subfield></datafield><datafield ind1=" " ind2=" " tag="300"><subfield code="a">243 P</subfield></datafield><datafield ind1=" " ind2=" " tag="852"><subfield code="a">72444</subfield><subfield code="c">539.3</subfield></datafield><datafield ind1=" " ind2=" " tag="CAT"><subfield code="a">Sys</subfield><subfield code="c">20130122</subfield><subfield code="h">131029</subfield></datafield></record></collection>